@Article{dubnerlevitt,
  author =  "Stephen J. Dubner and Steven D. Levitt",
  title = "Dissecting the Line",
  publisher="The New York Times Magazine",
  year = 2006,
  month = February,
  url = "http://www.nytimes.com/2006/02/05/magazine/dissecting-the-line.html"
}


%%%%%%%%%%%%%%%%%%%%%%%%%%%%%%%%%%%%%%%%%%%%%%%%%% Alcohol and sports
@Article{shirreffs,
  author =  "Susan M. Shirreffs and Ronald J. Maughan",
  title = "The effect of alcohol on athletic performance",
  publisher="Current Sports Medicine Reports",
  year = 2006,
  month = August,
  url = "http://journals.lww.com/acsm-csmr/Abstract/2006/08000/The_Effect_of_Alcohol_on_Athletic_Performance.7.aspx"
}

@Article{mjbarnes,
  author =  "Matthew J. Barnes",
  title = "Alcohol: impact on sports performance and recovery in male athletes",
  publisher="Sports Medicine",
  year = 2014,
  url = "https://link.springer.com/article/10.1007/s40279-014-0192-8"
}

@Article{atkinson,
  author = "Greg Atkinson and Thomas Reilly",
  title = "Circadian variation in sports performance",
  publisher = "Sports Medicine",
  year = 1996,
  url = "https://link.springer.com/article/10.2165/00007256-199621040-00005"
}

@Article{pilcher,
  author = "June J. Pilcher and Allen I. Huffcutt",
  title = "Effects of sleep deprivation on performance: a meta-analysis",
  publisher = "Sleep",
  year = 1996,
  month = June,
  url = "https://academic.oup.com/sleep/article/19/4/318/2749842/Effects-of-Sleep-Deprivation-on-Performance-A-Meta"
}



%%%%%%%%%%%%%%%%%%%%%%%%%%%%%%%%%%%%%%%%%%%%%%%%%% R
@Article{sp,
  author =  "Edzer Pebesma and Roger Bivand and Barry Rowlingson and Virgilo G'omez-Rubio",
  title = "spatial points: sp",
  year = 2016,
  month = December,
  publisher="R package",
  url = "http://CRAN.R-project.org/package=sp"
}

@Article{stargazer,
  author =  "Hlavac, Marek",
  title = "stargazer: Well-Formatted Regression and Summary Statistics Tables",
  publisher="R package version 5.2.",
  url = "http://CRAN.R-project.org/package=stargazer"
}

@Article{ggmap,
  author = {David Kahle and Hadley Wickham},
  title = {ggmap: Spatial Visualization with ggplot2},
  journal = {The R Journal},
  year = {2013},
  volume = {5},
  number = {1},
  pages = {144--161},
  url = {http://journal.r-project.org/archive/2013-1/kahle-wickham.pdf},
}


@Article{anderson,
  author = "Michael L. Anderson",
  title = "The benefits of college athletic success: an application of the propensity score design",
  publisher = "MIT Press Journals",
  year = 2017,
  url = "http://www.mitpressjournals.org/doi/pdfplus/10.1162/REST_a_00589"
}


@Article{hrisports,
  title  = "How to read a baseball betting line",
  author = "HRI Sports",
  publisher = "Bleacher Report",
  year = 2007,
  month = June,
  url = "http://bleacherreport.com/articles/1113-how-to-read-a-baseball-betting-line"
}

@Article{asilver,
  author = "Jordan Weissmann",
  title  = "Big Bucks or Bogus Betting Baloney?",
  publisher = "Slate",
  year = 2014,
  month = November,
  url = "http://www.slate.com/articles/business/moneybox/2014/11/adam_silver_says_there_s_400_billion_per_year_of_illegal_sports_betting.html"
}

@Article{cnnsilver,
  author = "Chris Isidore",
  title  = "NBA's Silver: Legalize sports gambling",
  publisher = "CNN",
  year = 2014,
  month = November,
  url = "http://money.cnn.com/2014/11/14/news/companies/legalized-sports-gambling/"
}

%%%%%%%%%%%%%%%%%%%%%%%%%%%%%%%%%%%%%%%%%%%%%%%%%% Anecodtes

@Article{princeofthecity,
  author = "Jason Concepcion",
  title  = "Prince of the City: A Good-bye Letter to J.R. Smith",
  publisher = "Grantland",
  year = 2015,
  month = January,
  url = "http://grantland.com/the-triangle/prince-of-the-city-a-good-bye-letter-to-j-r-smith/"
}


@Article{miller,
  title = "MLB to baseball teams: stop celebrating in public",
  author  = "Matt Miller",
  publisher = "Esquire",
  year = 2015,
  month = Oct,
  url = "http://www.esquire.com/sports/news/a39092/mlb-players-spraying-champagne-partying-rules/"
}

@Article{campbell,
  title = "Why can't baseball players act more like hockey players",
  author  = "Ken Campbell",
  publisher = "The Hockey News",
  year = 2015,
  month = Oct,
  url = "http://www.thehockeynews.com/news/article/why-cant-baseball-players-act-more-like-hockey-players"
}





@Article{cestone,
  author = "Vince Cestone and Kevin Seiter",
  title  = "Warriors forward Matt Barnes on playing Jazz in second round of NBA playoffs: 'There's no nightlife in Utah'",
  publisher = "kron4",
  year = 2017,
  month = May,
  url = "http://kron4.com/2017/05/01/warriors-forward-matt-barnes-on-playing-jazz-in-second-round-of-nba-playoffs-theres-no-nightlife-in-utah/"
}



@Article{bleler,
  author = "Des Bleler",
  title  = "Victor Cruz regrets Giants' boat trip while Odell Beckham Jr. parties again in Miami",
  publisher = "Washington Post",
  year = 2017,
  month = January,
  url = "http://m.mlb.com/news/article/2878521//"
}


%%%%%%%%%%%%%%%%%%%%%%%%%%%%%%%%%%%%%%%%%%%%%%%%%% JR Smith
@Article{price,
  author = "Satchel Price",
  title  = "J.R. Smith loves Cleveland because there's nowhere to party",
  publisher = "Sports Blog Nation",
  year = 2015,
  month = January,
  url = "http://www.sbnation.com/2015/1/28/7928735/jr-smith-cleveland-cavaliers-new-york-nightlife-2015"
}



@Article{ley,
  author = "Tom Ley",
  title  = "J.R. Smith: I'm better now because I can't really party in Cleveland",
  publisher = "Deadspin",
  year = 2015,
  month = January,
  url = "https://deadspin.com/j-r-smith-im-better-now-because-i-cant-really-party-i-1682308165"
}

%%%%%%%%%%%%%%%%%%%%%%%%%%%%%%%%%%%%%%%%%%%%%%%%%% Confounders
@Article{lallensack,
  author = "Rachael Lallensack",
  title  = "Jet lag puts baseball players off their game",
  publisher = "Science Mag",
  year = 2017,
  month = January,
  url = "https://www.sciencemag.org/news/2017/01/jet-lag-puts-baseball-players-their-game"
}


@Article{jones07,
  author = "Marshall B Jones",
  title  = "Home Advantage in the NBA as a game-long process",
  publisher = "Journal of Quantitative Analysis in Sports",
  year = 2007,
  month = October,
  url = "https://www.degruyter.com/view/j/jqas.2007.3.4/jqas.2007.3.4.1081/jqas.2007.3.4.1081.xml?format=INT"
}

@Article{jones08,
  author = "Marshall B Jones",
  title  = "A note on team-specific home advantage in the NBA",
  publisher = "Journal of Quantitative Analysis in Sports",
  year = 2008,
  month = July,
  url = "https://www.degruyter.com/view/j/jqas.2008.4.3/jqas.2008.4.3.1128/jqas.2008.4.3.1128.xml?format=INT"
}



@Article{songetal,
  author = "Alex Song and Thomas Severini and Ravi Allada",
  title  = "How jet lag impairs Major League Baseball performance",
  publisher = "Proceedings of the National Academy of Sciences of the United States of America",
  year = 2016,
  month = June,
  url = "http://www.pnas.org/content/114/6/1407.abstract"
}

@Article{leeandgalvez,
  author = "Aaron Lee and Juan Carlos Galvez",
  title  = "Jet lag in athletes",
  publisher = "National Institutes of Health",
  year = 2012,
  month = May,
  url = "https://www.ncbi.nlm.nih.gov/pmc/articles/PMC3435929/"
}




@Article{ezekowitz,
  author = "William Ezekowitz",
  title  = "Champagne and campaign: do NBA teams play worse on the road in party cities?",
  publisher = "Harvard Sports Analysis Collective",
  year = 2014,
  month = November,
  url = "http://harvardsportsanalysis.org/2014/11/champagne-and-campaign-do-nba-teams-play-worse-on-the-road-in-party-cities/"
}

@Article{chase,
  author = "Harrison Chase",
  title  = "A statistical ranking of the biggest partiers in the NBA",
  publisher = "Harvard Sports Analysis Collective",
  year = 2015,
  month = January,
  url = "http://harvardsportsanalysis.org/2015/01/a-statistical-ranking-of-the-biggest-partiers-in-the-nba/"
}





@Book{lamport,
  author =       "Leslie Lamport",
  title =        "{\LaTeX}: {A} Document Preparation System: User's
                 Guide and Reference Manual",
  publisher =    "Ad{\-d}i{\-s}on-Wes{\-l}ey",
  address =      "Reading, MA, USA",
  edition =      "Second",
  pages =        "xvi + 272",
  year =         "1994",
}

@Book{mittelbach,
  author =       "Frank Mittelbach and Michel Goossens and Johannes
                 Braams and David Carlisle and Chris Rowley and
                 Christine Detig and Joachim Schrod",
  title =        "The {\LaTeX} Companion",
  publisher =    "Ad{\-d}i{\-s}on-Wes{\-l}ey",
  address =      "Reading, MA, USA",
  edition =      "Second",
  pages =        "xxvii + 1090",
  year =         "2004",
  series =       "Tools and Techniques for Computer Typesetting",
}

@Manual{oetiker,
   author    = "Tobias Oetiker",
   title     = "The Not So Short Introduction to \LaTeXe",
   editiontype = "Version",
   edition   = "4.26",
   month     = sep,
   year      = 2008,
   URL       = "http://ctan.tug.org/tex-archive/info/lshort/english/lshort.pdf"
}











